@inbook{knuth-fa,
    author = "Donald E. Knuth",
    title = "Fundamental Algorithms",
    publisher = "Addison-Wesley",
    year = "1973",
    chapter = "1.2",
    keywords  = "knuth,programming"
}

@online{knuthwebsite,
    author = "Donald Knuth",
    title = "Knuth: Computers and Typesetting",
    url  = "http://www-cs-faculty.stanford.edu/~uno/abcde.html",
    addendum = "(accessed: 01.09.2016)",
    keywords = "latex,knuth"
}

@online{cwru_grad_studies,
    author={CWRU Graduate Studies},
    title={Electronic Thesis and Dissertation Guidelines},
    url={https://case.edu/gradstudies/current-students/electronic-theses-and-dissertation-guidelines},
    urldate = {2025-03-26}
}

@INPROCEEDINGS{whitten2024naecon,
  author={Whitten, Paul and Wolff, Francis and Papachristou, Chris},
  booktitle={NAECON 2024 - IEEE National Aerospace and Electronics Conference}, 
  title={An AI Architecture with the Capability to Classify and Explain Hardware Trojans}, 
  year={2024},
  volume={},
  number={},
  pages={349-354},
  keywords={Training;Support vector machines;Measurement;Accuracy;Costs;Aerospace electronics;Feature extraction;Hardware Trojan;Explainable Artificial Intel-ligence Architecture;XAI;CIA;Machine Learning;Support Vector Machine},
  doi={10.1109/NAECON61878.2024.10670684},
  url={https://doi.org/10.1109/NAECON61878.2024.10670684}
}
